@misc{1,
author= {Varsity tutors},
title = {Conic Sections and Standard Forms of Equations},
url ={https://www.varsitytutors.com/hotmath/hotmath_help/topics/conic-sections-and-standard-forms-of-equations},
note = {Accessed: 2024/April/04},
}
@misc{2,
author= {University of Hawai OER},
title = { Energy in Waves: Intensity},
url ={https://pressbooks-dev.oer.hawaii.edu/collegephysics/chapter/16-11-energy-in-waves-intensity/},
note = {Accessed: 2024/April/04},
}

